2812 5218
388 450 456 512 iia
618 425 1149 510 DlSSERTATIONiS

384 607 486 718 citis,
520 649 555 703 et
594 632 655 704 fibi
698 615 850 703 invicem
882 629 1095 722 summopere
1115 631 1336 724 'contr-ariis,

321 739 324 748 ’
380 751 548 848 agendum
569 749 692 838 fuisse,
717 748 884 846 grassante
905 753 1039 818 interim
1060 769 1231 824 armorum
1252 755 1336 826 strei-

381 876 482 964 pitu,
528 867 681 961 bellique
721 865 1012 938 vicissrtudinibus
1054 874 1149 960 pacis
1191 877 1334 968 negotiu

380 1005 573 1082 occupatos
597 985 755 1056 hominen
784 999 873 1056 nunc
902 981 945 1052 ad
978 984 1158 1060 audaciam.
1185 993 1330 1065 erehen-

381 1108 474 1182 tibua
510 1123 612 1200 atque
652 1099 870 1185 inflantibus,
909 1119 999 1174 nunc
1025 1125 1107 1176 vero
1135 1105 1329 1202 depriment

380 1229 473 1302 tibus
502 1249 537 1302 et
566 1226 795 1300 flectentibus.
831 1221 991 1296 Gloriosa
1031 1224 1121 1298 facta
1150 1229 1220 1318 huc
1247 1247 1329 1299 tem·

381 1363 469 1443 pore
495 1341 842 1430 addebantur-factis,
863 1362 949 1433 quae
964 1339 1161 1419 .Richelius
1179 1351 1332 1442 gnaviter

380 1467 587 1564 producere·
603 1480 744 1536 noverat
776 1479 811 1532 et
839 1465 873 1532 in
911 1459 1008 1534 suum
1050 1465 1146 1538 usum
1189 1487 1330 1541 vertere.

379 1587 590 1664 Postreuant
624 1585 712 1656 hanc
754 1600 860 1652 artem
896 1579 942 1651 ab
981 1603 1026 1654 eo
1074 1583 1220 1660 edoctus
1258 1575 1328 1682 ej'ua
1403 1671 1404 1684 Ν

380 1707 561 1784 successor·
574 1705 704 1798 primae
725 1704 833 1795 magia
863 1685 935 1772 e'rat
955 1713 1192 1796 expers;·et,¹
1207 1727 1328 1802 quam.

378 1847 481 1920 quam
504 1843 655 1914 uterque
687 1820 845 1894 domum
870 1819 1077 1894 Austriacam
1114 1823 1333 1917 deprimere,

378 1963 415 2015 et
462 1941 693 2016 Buurbonios‘
716 1941 752 2010 in
779 1939 863 2033 ejus
894 1939 1009 2012 iocum
1045 1941 1212 2031 evehere,
1246 1968 1329 2018 ave.

378 2069 460 2156 bat,
495 2063 673 2138 Mazatino
713 2061 793 2136 solia
829 2065 931 2135 armis
970 2061 1008 2134 id
1037 2084 1107 2136 erar
1139 2065 1328 2157 ex'sequen·

378 2186 482 2271 dum,
513 2183 611 2280 quod
639 2180 823 2256 Richelius
859 2183 1007 2277 politici
1034 2188 1071 2256 in
1109 2207 1162 2258 res
1178 2207 1224 2258 -et
1255 2189 1325 2258 ani·

376 2305 455 2380 rnos
492 2303 648 2399 potentii
687 2303 730 2374 ad
775 2301 876 2374 finem
920 2304 1108 2398 perducere
1143 2304 1325 2390 valuisset-3

374 2433 412 2501 ni
440 2447 533 2499 mors
568 2445 647 2496 eum
683 2419 799 2517 Regi,
835 2422 937 2516 ipiius
974 2424 1124 2497 coniitia
1159 2447 1324 2520 perquam

371 2541 514 2630 ¹dedim‘,
550 2540 740 2636 eripuisset.
1084 2539 1091 2554 “

425 2661 558 2760 Qu‘odfi
585 2661 715 2736 haecce
746 2667 859 2738 omnia
887 2665 1095 2759 coniunctim
1128 2682 1324 2760 exponere,

372 2781 534 2880 sactaqite
566 2781 757 2882 fingulatim
794 2783 1178 2882 ddigenteriiliustrare
1201 2801 1237 2856 et
1263 2803 1323 2858 cu·

373 2907 497 3006 jusque
534 2906 618 2978 iacti
647 2927 770 2980 nexum
814 2901 894 2983 c'urn
926 2897 1229 3013 praecedentibus,
1273 2923 1323 2976 at·
1400 2999 1402 3014 ‚

374 3048 444 3122 que
475 3025 724 3100 efficacitatenr'
753 3026 788 3096 in
826 3021 1000 3120 sequentia
1039 3023 1212 3097 ostendere
1245 3023 1324 3095 vel·

369 3146 519 3230 iremus,=
547 3143 636 3218 haud
672 3143 844 3236 reputasse
880 3141 1093 3230 videremur,
1139 3142 1222 3236 quid
1257 3145 1323 3218 hu·
1397 3127 1402 3156 ⁴

374 3269 459 3339 meri
485 3263 576 3338 ferre
600 3261 773 3348 vaierent,
818 3281 855 3333 ct
892 3257 1111 3336 dissertationi
1139 3251 1324 3337 Academi*

374 3407 435 3458 cae
471 3384 684 3459 conveniret.
736 3381 837 3500 Hane
865 3383 914 3456 ob
941 3405 1013 3456 tem
1048 3382 1148 3458 nubis
1178 3406 1249 3457 non
1288 3367 1322 3457 id
1399 3407 1401 3480 ἢ

373 3503 432 3574 iiia
460 3502 724 3596 penetrandum,
758 3501 816 3574 sed
836 3501 1090 3594 pacificationi,
1116 3513 1203 3597 quae
1224 3506 1323 3580 clau·
1399 3585 1400 3592 ἵ

368 3619 529 3716 firnrum'
571 3620 699 3696 Scaldi
730 3643 840 3719 usque
888 3623 1158 3717 injiciendorum
1186 3623 1323 3740 stipula*
1399 3667 1400 3672 =

315 3747 318 3758 ’
374 3741 470 3812 tione
517 3750 690 3818 terminata
727 3743 816 3833 fuit,
857 3743 1094 3820 inhaerendum
1123 3745 1327 3840 judicamus.

369 3881 376 3890 ·
657 3877 660 3887 ·
714 3883 718 3890 ·
1205 3860 1307 3937 Nos·
1397 3909 1399 3936 .

1379 3991 1383 3998 ’
