2818 5220
262 319 265 326 λ
370 389 443 484 asa
569 347 1098 489 or'aaannrrrours

364 597 526 678 oportere
551 581 654 680 quam
690 581 947 667 humanlafima,
979 603 1048 654 non
1076 581 1180 658 solum
1218 583 1319 680 quoe

362 720 450 774 onua
477 699 714 796 :Reipublicae
758 701 953 792 lmpofitum
986 721 1160 794 tantopere
1198 702 1320 774 suble·

362 837 516 905 voretur,
549 818 625 908 sed,
658 817 753 912 quod
782 817 899 890 oblato
919 817 1090 910 opitularu
1118 824 1216 893 etlam
1241 819 1322 896 tolo,

361 936 509 1023 leretur,
547 937 714 1029 quidquid
731 935 867 1010 officere
884 935 1057 1009 rideretur
1079 935 1209 1033 glorlae
1231 961 1317 1033 gen·
1407 938 1408 941 ’

365 1061 433 1145 ria,
468 1077 600 1151 praeter
632 1058 698 1130 alla
734 1056 927 1151 complurir
952 1059 986 1128 in
1011 1061 1105 1150 pacis
1138 1059 1324 1144 conserva.
1408 1118 1409 1121 a

363 1184 491 1254 nonam
524 1175 696 1270 impensa,
736 1195 803 1248 tarn
832 1195 1004 1248 enormem
1047 1181 1216 1269 pecuniae
1249 1180 1319 1256 sol·

361 1301 493 1376 venua:
532 1297 671 1373 Deinde
701 1295 881 1374 Gallorum
922 1299 1089 1389 promlalo
1127 1299 1170 1370 de
1206 1303 1315 1394 prima

361 1437 461 1516 parte
510 1417 796 1514 compensarlonla
844 1417 1002 1490 solvenda
1047 1437 1147 1489 cerro
1188 1423 1314 1494 certius

361 1535 524 1614 ameum
553 1539 639 1614 ease.
1306 1539 1309 1546 '

410 1655 594 1731 Hollandla
620 1661 658 1730 ln
695 1659 790 1732 hanc·
807 1656 998 1728 sententiam
1027 1656 1185 1748 protinus
1219 1657 1312 1743 ibat,
1407 1682 1409 1697 ·

360 1795 397 1848 er
422 1776 550 1866 ubsque
572 1778 684 1866 prima
703 1773 902 1846 conditione
923 1794 1044 1868 pacem
1073 1773 1223 1846 constare
1241 1797 1309 1846 non
1344 1764 1348 1770 ’

361 1888 463 1988 poase
497 1886 673 1985 judicarit.
729 1885 871 1962 Geldrla
905 1907 941 1960 et
982 1887 1165 1964 Zeelandla.
1194 1894 1312 1974 inlrre·¹

362 2011 480 2084 rebant
514 2008 659 2080 decretis
691 2003 940 2092 anterioribus,
977 2010 1101 2102 quibus
1135 2009 1171 2084 se
1202 2029 1310 2104 nego·

364 2135 451 2204 tlurn
483 2125 573 2201 haud
604 2122 748 2198 ulterius
784 2143 1005 2218 promoturus
1030 2127 1104 2200 ease
1129 2126 1310 2202 constitue·

362 2271 450 2326 rant.

412 2367 604 2446 Zeelandoa
640 2370 826 2465 praecipue
858 2366 928 2441 hoc
958 2370 1179 2452 inritaverat,
1216 2371 1313 2462 quod

362 2489 661 2582 argumentationis
686 2507 788 2581 atque
814 2487 1102 2559 animadverfiorns
1131 2489 1175 2558 ab
1203 2492 1247 2560 r'ia
1267 2490 1314 2560 arl

362 2603 511 2676 senatun
529 2602 730 2698 perlatorum
748 2607 835 2678 ratio
854 2621 925 2676 non
941 2603 1023 2674 esser
1039 2605 1168 2676 hrbluu
1216 2609 1313 2690 an.

289 2725 293 2736 '
361 2721 440 2793 dem
457 2720 670 2808 Zeelandoa,
696 2742 776 2810 cum
799 2724 844 2795 de
863 2722 975 2796 Scaldi
993 2741 1172 2816 ageretur,
1204 2703 1312 2820 pecu·
1406 2818 1409 2821 ι

360 2839 458 2932 ‚eura
481 2840 680 2918 Provinciae
710 2843 788 2920 suae
814 2846 993 2918 commoda
1018 2864 1054 2916 et
1075 2863 1130 2918 rea
1157 2844 1309 2938 peculia·

362 2977 416 3030 rea
456 2956 603 3050 plurium
644 2960 741 3036 fluvii
770 2960 974 3040 accolarum
1008 2964 1139 3058 saepius
1175 2966 1308 3062 fortiter

362 3075 548 3152 defendisse
585 3075 748 3160 vidimus.
947 3154 952 3166 ,

413 3194 540 3284 Paeto,
581 3197 725 3293 dequo
758 3199 891 3298 aglmua
914 3204 1163 3294 vehementius,
1200 3202 1310 3278 ersa·

365 3316 411 3388 ria
447 3315 578 3388 infestis
616 3319 734 3389 animia
778 3317 944 3394 obnixum
985 3324 1061 3397 fule
1116 3324 1307 3400 Castellum

365 3433 538 3512 Lilloense
558 3433 767 3531 altarumque
799 3438 832 3508 el
861 3441 1057 3536 oppollrum
1090 3443 1192 3534 tradi,
1223 3444 1308 3518 Zee-

363 3552 471 3626 laudis
504 3575 548 3626 eo
585 3557 690 3652 magia
732 3557 951 3653 displicebat,
989 3561 1085 3658 quod
1114 3581 1310 3660 argumenta

359 3667 488 3762 luraque
512 3675 622 3772 deque
646 3677 759 3754 habita
787 3677 944 3768 fuerunt,
971 3683 1100 3777 quibus
1124 3686 1307 3760 contende·

175 3759 176 3766 Ν
217 3847 222 3856 .
360 3795 464 3878 runt,
496 3813 534 3865 ut
570 3794 711 3888 saltem,
738 3797 891 3872 ¹castella
911 3801 1165 3898 ¹demolienda,
1199 3828 1311 3901 nequo

1246 3927 1308 3998 alla
