2812 5218
381 543 449 602 100
589 494 1125 588 orssnrtrrrrours
1261 457 1266 466 “

383 721 516 794 deretur
546 708 794 805 apographum,
844 696 890 771 iu.
920 715 1003 770 vero
1044 715 1179 788 parum*
1197 701 1342 791 ursetet,

385 839 441 914 sed
458 851 590 926 usque·
604 830 714 901 testati
742 824 859 906 luere,
890 817 949 898 re,
989 819 1195 890 auctoritate
1218 841 1346 894 neces·

386 959 469 1034 sarii
492 952 693 1031 destitutos,
718 963 789 1015 rem
808 937 850 1013 ad
876 932 1041 1021 Ordines,
1069 938 1130 1030 qni
1157 935 1252 1030 ipsos
1273 942 1345 1008 mi·

387 1081 515 1160 serant,
548 1068 712 1144 relaturos
732 1063 823 1148 esse,
854 1075 889 1130 et
913 1051 1101 1140 clausulae,
1136 1054 1343 1130 declaratio·

387 1202 425 1272 ni
451 1191 647 1288 adjunctae,
673 1181 857 1256 inhaerere.
905 1171 986 1273 Qui
1008 1176 1139 1248 ratione
1166 1172 1338 1250 discordia

389 1318 425 1388 in
454 1311 568 1386 senatu
600 1305 667 1378 fnit
696 1300 896 1394 composrta.
1404 1335 1405 1362 ,

439 1427 511 1501 Die
537 1449 562 1518 4
590 1421 768 1498 Februarii
801 1412 1110 1510 Mediobutgenses
1139 1413 1247 1488 adhuc
1273 1437 1344 1488 co·
1401 1424 1405 1510 ξ

388 1552 458 1624 nati
481 1547 562 1618 -suae
586 1539 784 1635 provinciae
815 1531 964 1606 Ordines
990 1551 1212 1626 permovere,
1240 1555 1278 1606 ιιι
1304 1537 1340 1608 se
1404 1527 1405 1532 ‘

389 1656 448 1748 illl
463 1663 706 1740 declaratione
735 1656 770 1728 in
801 1652 970 1736 Ordinum
1001 1649 1209 1746 generalium
1240 1656 1337 1726 Actio

390 1790 527 1866 seeretis
545 1777 634 1856 haud
650 1793 832 1852 contentos
844 1771 1053 1844 testarentur.
1069 1767 1340 1868 Medioburgen·

390 1911 481 1986 srlrus
506 1902 705 1996 Viisfingnni
729 1912 766 1970 et
787 1893 952 1969 Vererses
978 1891 1011 1962 se
1034 1892 1187 1986 junxere.
1220 1893 1271 1962 At
1288 1896 1342 1964 vis

391 2051 432 2104 ro
456 2024 604 2110 illustri,
621 2033 625 2040 ·
641 2022 702 2112 qui
726 2009 1014 2086 Zeeiandieorum
1039 2007 1206 2082 nobilium
1232 2013 1349 2102 primi

391 2137 757 2220 sententiamefferebat
775 2171 819 2194 ι·
844 2133 926 2207 hnic
941 2134 1041 2217 viro,
1066 2129 1162 2224 qnod
1182 2117 1346 2213 observa·

391 2275 445 2340 tu'
463 2260 641 2358 indignum
682 2253 771 2328 haud
808 2269 984 2346 putamus,
1016 2267 1054 2323 et
1092 2249 1338 2336 Ziericzeanis,

391 2383 588 2469 Goesanis,
631 2372 868 2468 Thoienirque
914 2374 1082 2444 contraria
1127 2369 1343 2463 placuerunt.

370 2499 493 2572 Haud
509 2503 555 2570 ita
574 2497 633 2567 diu
655 2513 734 2588 post
753 2491 904 2567 Ordines
926 2492 1072 2562 unanimi
1094 2487 1256 2559 consenlir
1276 2481 1342 2558 lla-
1402 2539 1403 2547 a

391 2637 506 2704 tuere,
518 2611 775 2708 concipiendam
790 2591 1073 2694 declarationem,
1099 2608 1344 2700 qulomnesse

366 2737 504 2812 ¹verbis
524 2736 668 2808 maxime
690 2731 893 2825 emphaticis
918 2728 1185 2823 obstringerent,
1210 2727 1341 2802 adrem

388 2855 611 2954 nauigationis
640 2871 683 2924 eo
713 2849 798 2924 statu
829 2845 1115 2934 conservandam,
1153 2849 1226 2940 qui·
1246 2865 1343 2942 gras·

389 2977 492 3050 sente
513 2971 609 3048 bello
639 2973 819 3068 viguerat,
855 2987 891 3038 et
930 2963 974 3036 de
1005 2985 1079 3058 quo
1108 2965 1346 3039 continuando

389 3095 490 3192 sopra
514 3107 699 3164 memorata
728 3082 913 3158 declaratio
945 3101 1065 3156 omnes
1094 3081 1179 3152 bene
1206 3083 1345 3174 sperare

156 3175 161 3186 ’
235 3205 238 3212 ’
360 3205 677 3314 »ιιειεωιιιιι
1271 3199 1345 3276 oa

430 3417 527 3502 (9⁹)
546 3413 621 3484 vid.
647 3409 765 3480 Nornl.
787 3403 1035 3486 vatilonno,
1061 3401 1231 3486 or01609·
1252 3400 1340 3486 θαι.

389 3538 443 3603 ²9·
461 3521 555 3590 Febr,
580 3541 627 3602 4,
655 3517 699 3598 6,
725 3533 785 3598 ¹93
807 3515 896 3580 decr.
923 3509 1032 3592 Resol.
1056 3510 1181 3576 Martii
1208 3490 1269 3576 den
1290 3531 1344 3594 30.

299 3625 302 3628 ’
389 3627 535 3695 Deseruit.
558 3627 651 3695 1608.
672 3619 839 3688 Mercurii
853 3616 1021 3685 dammam
1036 3615 1119 3686 Dec.
1140 3616 1232 3682 1608.
1244 3611 1343 3698 Jouir

388 3735 449 3804 den
477 3753 493 3801 r
521 3733 669 3819 Jarruar.
697 3735 792 3816 1609.
826 3729 958 3798 Verteris
985 3727 1045 3793 dora
1076 3747 1098 3792 n
1125 3724 1213 3808 Jan.
1247 3723 1349 3804 1609.

388 3839 516 3909 Martis
539 3839 598 3908 den
621 3857 671 3923 ¹³·
698 3838 788 3923 Jana
810 3838 903 3920 1609.
928 3833 1086 3918 Vardaei,
1119 3849 1190 3900 aaz·
1209 3825 1363 3926 deux,-

388 3945 550 4035 xi,x11.
578 3944 737 4032 Jatruarir'
763 3943 857 4026 1609·
