2812 5218
190 555 192 560 ,
348 461 415 533 rau
558 435 1091 519 nrssuurariorirs

237 662 330 730 1711.
344 631 409 715 tiae
438 635 508 715 duo
534 637 689 715 faverunt
717 637 812 714 caius
839 639 966 728 subiti,
1006 661 1125 728 mors,
1160 621 1303 723 scilicet

208 734 560 856 ”Aiiirrrperatom
583 763 726 860 Josephi
746 761 786 852 1,
815 783 856 844 et
882 763 1037 859 Reginae
1061 765 1296 844 Britannicae

343 884 459 956 anino
499 881 661 956 obortum
697 884 804 982 frigus
837 903 917 980 erga
948 879 1087 958 Ducem
1123 887 1300 966 Maribur·

238 1019 333 1106 upra.
346 993 504 1097 geniem,
526 1007 711 1094 omnesque
727 1003 927 1094 opinionum
945 983 1189 1096 politicarum,
1209 1033 1300 1106 quae

232 1086 457 1196 inm⁰·adhuc
484 1122 679 1216 viguerant,
715 1121 855 1194 asseclas
884 1122 1143 1216 pertinaciores.
1173 1125 1176 1130 ’

206 1189 336 1343 ηἪέζ
392 1238 463 1314 Pax
492 1236 745 1332 Ultrajectenfia
779 1238 945 1310 tumultus
981 1239 1127 1316 bellicos
1157 1245 1190 1314 in
1226 1269 1299 1318 rna·
1343 1274 1348 1280 ·

340 1357 418 1454 jore
443 1375 538 1450 parte
562 1353 723 1448 Europae
752 1356 968 1444 terminavi13
1001 1380 1069 1452 pax
1096 1357 1297 1434 Rastadien·

344 1476 387 1550 fis
431 1473 588 1548 benefico
631 1478 728 1568 operi
763 1475 917 1548 nltimam
949 1498 1091 1550 manum
1130 1481 1294 1557 admovit.

344 1597 509 1694 Hispanii
535 1615 613 1668 cum
638 1594 769 1668 duabus
798 1591 924 1681 Indiis,
960 1615 1048 1691 quae
1069 1598 1295 1692 vocabantur,

346 1718 514 1812 Philippo
539 1711 573 1786 V
601 1713 743 1800 relicti,
780 1711 936 1810 Belgium
965 1711 1185 1810 Hispanicum
1218 1740 1297 1790 nos·

348 1843 419 1912 trn'e
437 1834 653 1912 commissum
674 1831 740 1908 suit
760 1832 990 1929 reipublicae,
1016 1856 1103 1931 quae
1119 1837 1176 1924 id,
1199 1860 1299 1931 post·

348 1975 449 2054 quum
482 1975 535 2028 rea
571 1954 695 2027 Obicis
724 1951 967 2050 (Barridre)
998 1952 1041 2026 ad
1075 1955 1176 2028 finem
1208 1961 1301 2030 esset
1405 1998 1406 2023 r

348 2073 536 2172 perducta,
565 2077 599 2147 in
619 2073 782 2149 Carolum
806 2071 867 2148 Vi.
889 2072 1071 2148 conferret.
1104 2075 1198 2149 Huic
1227 2075 1300 2150 lm·

350 2199 497 2292 peratori
532 2194 711 2270 Austriuco
736 2194 895 2290 asignato
923 2215 1066 2292 quoque
1095 2195 1161 2269 fuit
1187 2197 1311 2270 Sardi·v

350 2323 427 2408 uia,
461 2339 540 2393 cum
565 2315 951 2412 regnoNeapoiitano,
988 2315 1126 2392 Ducatu
1158 2315 1300 2410 Medio·

350 2439 496 2520 lanenfi,
528 2455 595 2507 etc.
646 2433 762 2507 Multa
798 2434 918 2506 deinde
939 2438 1027 2507 inter
1055 2434 1299 2527 imperatorem
1347 2529 1351 2534 Ι

349 2575 386 2626 et
421 2550 569 2626 Ordines
607 2549 799 2624 foederatos
836 2551 878 2623 de
915 2553 1028 2628 Obice
1059 2573 1134 2624 acta
1174 2550 1298 2640 fuere,
1337 2621 1342 2640 ⁴

351 2695 437 2770 quae
478 2690 653 2765 tantopere
689 2670 731 2742 ad
766 2691 916 2746 nostram
950 2695 1020 2746 rem
1058 2673 1212 2762 faciunt,
1258 2695 1300 2748 ut
1403 2741 1405 2762 ,

352 2794 490 2867 minime
519 2791 799 2888 supervacaneum
834 2795 914 2868 duci
943 2795 1093 2892 poterit,
1137 2793 1160 2866 ii
1193 2796 1297 2868 istaec
1404 2783 1405 2866 ξ

240 2913 244 2926 ’
350 2932 425 2987 ncta
454 2892 531 2983 inde
554 2911 597 2984 ab
626 2913 758 3004 origine
781 2912 1041 3007 persequamur.
1404 2983 1405 2990 ,

400 3029 552 3104 Nostrae
574 3030 783 3123 reipublicae
797 3052 967 3119 rectores,
993 3053 1076 3104 mox
1093 3031 1135 3102 ab
1156 3027 1299 3105 Unione
1404 3061 1405 3064 ¹

352 3149 597 3246 Ultrajectini,
629 3153 697 3248 jam
727 3153 959 3238 intenderant,
983 3171 1022 3224 ut
1039 3143 1123 3224 esset
1146 3150 1301 3246 aliquid,
1404 3177 1405 3180 ¹

352 3271 448 3369 quod
470 3275 580 3370 ipsum
601 3277 768 3350 unitarum
792 3277 1042 3369 provinciarum
1070 3276 1178 3348 solum
1202 3298 1222 3347 a
1245 3276 1300 3348 so·

256 3396 258 3404 ’
350 3391 390 3466 lo
418 3393 538 3469 hostili
566 3393 746 3490 separaret.
795 3393 886 3470 Cum
920 3394 1099 3470 duodecim
1131 3413 1297 3468 annorum

226 3567 228 3574 .
268 3607 270 3610 Ι
351 3511 513 3587 ludueiae
530 3517 831 3610 concipiebautur,
855 3515 1025 3612 ejusmodi
1051 3517 1302 3589 munimentum

351 3639 518 3720 exterius,
543 3655 622 3722 aut,
648 3637 672 3708 u
700 3637 829 3720 mauis,
855 3635 1175 3734 propugnaculum,
1199 3654 1300 3726 prae·
1402 3693 1404 3712 .

351 3757 463 3831 bimru
487 3756 558 3828 esse
584 3739 780 3830 videbantur
808 3757 936 3850 oppida
953 3777 988 3830 et
1018 3755 1157 3828 castella
1182 3756 1215 3826 in
1241 3757 1301 3825 so·

351 3873 388 3968 io
409 3873 614 3953 Brabantiao
645 3874 917 3971 fiendumque,
952 3876 994 3948 ab
1015 3874 1203 3962 Ordinibus
1224 3873 1299 3947 Ge·

871 4015 874 4020 ·
1238 4013 1303 4066 ue·
