2818 5220
327 409 406 540 {24
545 419 1062 529 urssunrrrromrr

330 663 407 717 mm
443 633 570 714 reduce
603 639 638 712 in
676 637 813 717 militari
839 639 1005 731 confilio,
1038 637 1285 740 illic'habiro,

332 757 459 832 mulne
496 757 732 848 difficultates,
782 759 909 857 quibos
948 757 1081 834 bellum
1124 765 1285 840 edversus

330 893 498 954 nocenter
529 897 760 978 premeretur,
783 881 942 956 'fuerunt
968 900 1289 972 commemoratae,

332 982 574 1092 decremmoue
615 993 707 1086 fuit,
744 997 935 1100 Octoginta
978 997 1131 1074 millibus
1165 999 1282 1074 homi·

332 1137 437 1205 mm,
469 1135 561 1210 quor
601 1115 837 1194 Bruxeliensee'
867 1115 1069 1216 illi'Brlgio
1096 1123 1291 1194 Austriaco

331 1237 467 1336 irmirm
508 1233 673 1312 effuturor
715 1241 834 1312 minuti
874 1235 1008 1314 fuerunt
1034 1240 1173 1338 triginm
1206 1237 1289 1312 mil·

332 1353 381 1430 mr
414 1355 601 1431 decumum
644 1359 700 1432 iri.
755 1355 882 1452 Neque
924 1355 1053 1432 bellum
1100 1354 1286 1431 Kronirzio

334 1477 447 1552 mimo
486 1495 588 1573 gmve
622 1473 698 1552 fore
738 1475 939 1564 videbatur,
983 1495 1084 1569 quun
1127 1475 1286 1572 compiu-

332 1595 548 1670 rii'me‘virie
584 1595 796 1672 milioribus.
854 1593 930 1672 imo
969 1595 1071 1668 senex
1110 1594 1182 1690 jem
1216 1616 1288 1667 me-

336 1711 513 1786 ricuiofior
538 1714 629 1786 surm
666 1713 860 1786 senteutiam
899 1711 1120 1810 Imperatoris
1153 1715 1290 1788 semen·

336 1831 403 1904 tire
438 1829 674 1915 Contrarium,
707 1831 773 1902 rire
798 1830 937 1924 quidem
966 1831 1139 1926 explicare
1155 1852 1287 1905 metne-

338 1949 421 2038 brt‘,
455 1957 563 2020 nome
601 1965 714 2020 umen
747 1948 800 2020 rei
818 1960 957 2032 ,morum
997 1951 1134 2048 injicere
1159 1953 1284 2024 iterum

338 2069 545 2164 iterumque?
565 2085 710 2149 conetur
734 2086 800 2142 eur.
838 2132 843 2146 .

391 2185 497 2282 Apud
517 2183 762 2274 Eredericum,
786 2185 876 2260 haud
897 2187 994 2264 secus
1018 2211 1060 2264 uc
1078 2190 1173 2288 apud
1201 2191 1289 2267 aiios

340 2304 522 2404 Principes
562 2325 704 2402 premor
745 2309 937 2397 emicosve,
977 2313 1109 2405 quresti
1154 2311 1296 2387 fuerunt

342 2425 515 2504 Aurtrirci
558 2425 604 2500 de
638 2424 866 2518 coutumelid‚
913 2427 974 2501 suo
1004 2428 1134 2503 vexillo
1171 2431 1290 2520 illati3

341 2544 403 2618 hue
438 2563 520 2618 vero
555 2542 710 2636 querelae
746 2563 791 2616 er
829 2544 956 2618 versuto
982 2545 1122 2618 coniiio
1155 2565 1289 2620 temen·
1360 2600 1362 2608 »

339 2661 406 2738 due
440 2659 683 2756 Reipublicae·
705 2661 893 2738 derivarunt
932 2660 1180 2739 lierolmenses.
1229 2663 1292 2744 mr

340 2801 416 2860 erm
457 2800 678 2854 commouere
714 2780 806 2855 velle
840 2783 1049 2882 iudicarunt,
1080 2803 1124 2858 ut
1154 2789 1295 2883 ampol-

341 2899 386 2977 lis
406 2920 443 2973 et
467 2900 757 3012 sesquipedalibus
772 2904 884 2978 uerbis
904 2905 1060 2996 cederet,
1096 2907 1174 2990 dum
1193 2915 1287 3004 prin·

339 3021 460 3116 cipes,
481 3041 629 3117 quorum
655 3022 794 3096 referret
820 3023 864 3098 iir
888 3045 1027 3113 exorre,
1053 3025 1171 3100 iisdem
1198 3046 1285 3123 que·

342 3141 423 3216 relis
458 3143 501 3216 ad
536 3139 833 3240 interlocutionem
872 3145 1052 3238 pacificum
1081 3144 1288 3220 offerendum

343 3263 425 3338 duci
456 3260 607 3358 possent.
656 3259 760 3334 dubie
795 3260 970 3356 respondit
1004 3259 1103 3353 Rex,
1146 3315 1175 3353 „
1200 3263 1287 3337 -Sibi

341 3379 629 3476 exopmtisfimom
665 3378 761 3469 fore,
795 3399 917 3476 pucem
955 3383 1046 3456 haud
1068 3383 1217 3469 turbari,
1252 3401 1288 3454 et

341 3495 421 3570 liter
455 3505 584 3574 ratione
614 3499 817 3598 componi.”
865 3499 944 3575 Hoc
972 3501 1136 3596 responso
1164 3521 1287 3598 accep·

342 3629 400 3698 ro,
423 3615 583 3694 audacior
596 3619 762 3720 Josephus
780 3624 869 3698 haud
894 3621 1021 3698 veritus¹
1035 3601 1130 3712 fuir,
1152 3621 1286 3722 Regem

340 3749 482 3828 rogere,
514 3761 587 3834 quo
621 3743 768 3820 Ordines
789 3745 1119 3832 commonefaceret,
1159 3765 1200 3824 ut
1226 3745 1285 3817 fibi

341 3849 615 3952 modemrentur3
647 3885 749 3960 quam
784 3853 1048 3946 admonitionem
1094 3863 1198 3954 Rex,
1216 3863 1286 3940 rub
