2812 5218
360 379 409 478 ‚t
573 365 1092 453 utssuurarrouts

361 579 454 651 tione
488 573 691 661 nacmndat,
714 589 806 668 quae
826 565 1035 666 reipublicae
1064 573 1208 648 maxime
1221 582 1314 656 ·uri··
1400 593 1401 658 j

358 696 401 770 lit
427 713 501 767 esse
530 694 713 768 uideretur.
1399 707 1401 782 j

408 807 571 884 Zcelaudl
595 813 631 882 in
659 809 753 884 bisce
778 805 827 882 nil
851 809 910 882 nifi
937 807 1043 882 verba
1072 811 1225 908 specioso
1251 841 1315 892 re-

359 929 486 1028 pedale
508 928 570 1002 fibi
600 929 659 1002 viu
690 929 788 1015 sunt,
822 946 857 1000 et
891 927 1067 1022 quidpiam
1089 936 1199 1032 tnagis
1225 935 1311 1008 deli·

359 1055 422 1126 niti
443 1051 624 1145 petierunt.
674 1044 843 1141 Scriptam
870 1044 1133 1121 declarationem
1165 1051 1208 1123 ab
1238 1053 1309 1126 Or·
1399 1045 1401 1130 l

359 1168 496 1243 dinibus
525 1163 749 1240 Generalibus
768 1181 836 1234 v-aut
868 1160 984 1235 saltem
1016 1166 1060 1237 ab
1093 1162 1310 1244 Hollandicis
1399 1147 1401 1204 t

359 1304 540 1384 rogarunt,
586 1303 654 1378 quo
689 1281 942 1375 promitteretur
991 1283 1202 1358 continuatio
1243 1291 1309 1360 tri·
1398 1215 1401 1370 i

361 1409 520 1480 batorum
545 1425 611 1498 pro
654 1399 780 1487 tuteli,
821 1415 858 1470 et
894 1401 1062 1482 rationis,¹
1077 1423 1086 1439 ·
1101 1404 1168 1498 qut
1197 1385 1307 1482 istaec
1396 1373 1401 1470 i

362 1525 486 1600 tributa
518 1519 761 1616 exigebantur,
802 1515 944 1592 utribus
975 1539 1062 1613 quae
1093 1541 1115 1591 e
1146 1525 1228 1598 mari
1254 1530 1308 1599 in·

363 1643 506 1718 trotsum
532 1638 709 1711 tenderent
737 1635 976 1724 exonerandie,
991 1658 1068 1722 etc.
1109 1641 1166 1712 Ab
1190 1644 1311 1720 iisdem

361 1761 492 1854 scripto
523 1757 685 1832 declarari
713 1755 917 1842 voluerunt,
962 1756 1170 1832 induciarum
1201 1785 1312 1862 nego·

363 1880 448 1952 tlum
484 1877 667 1974 abruptum
696 1877 762 1965 iri,
805 1879 841 1950 ni
877 1875 955 1952 Rex
993 1873 1177 1970 Hispaniae
1210 1903 1313 1978 pacta
1394 1921 1395 1931 ι

363 1997 516 2075 smcirct.
1392 1956 1398 2058 i

239 2103 353 2188 ¹⁶⁰9·
415 2115 594 2192 Zeelandis
629 2120 841 2214 rogationem
881 2118 917 2188 in
954 2117 1112 2213 supremo
1147 2124 1314 2218 reipubli-

219 2191 352 2278 '¹5³⁰'
342 2236 426 2312 cae
455 2241 569 2312 senatu
599 2235 814 2321 iterantibus,
856 2235 957 2330 eique
996 2239 1171 2314 mordicus
1196 2243 1312 2316 inbae-

366 2359 541 2441 rentibus,
568 2376 773 2433 caeterarum
798 2352 931 2428 tandem
951 2359 1205 2450 provinciarum
1221 2362 1314 2436 dele·

365 2479 436 2576 gari
454 2474 663 2570 censuere.
691 2472 781 2546 haud
806 2474 953 2568 amplius
982 2467 1206 2570 mortridum,
1252 2481 1311 2554 sed

260 2601 263 2612 ’
366 2613 425 2680 ea,
452 2613 538 2686 quoe
568 2591 723 2686 pluribus
759 2591 855 2666 utilit
884 2592 1098 2686 viderentur,
1131 2601 1175 2672 ad
1210 2600 1312 2675 finem

364 2688 443 2784 esse.-
464 2709 701 2803 perduratum
743 2730 778 2784 et
813 2712 940 2807 majore
975 2735 1136 2810 votorum
1160 2739 1313 2792 ‘numero
1399 2769 1401 2802 ι

364 2827 561 2916 decretum,
594 2849 731 2916 rerum,
774 2851 860 2925 quae
902 2829 1064 2916 Zoelandi
1103 2839 1312 2930 poscebant,
1399 2805 1401 2880 ἶ

364 2947 566 3040 ampliorem
600 2950 637 3020 iu
662 2968 766 3045 pacto
797 2953 1010 3024 mentionem
1040 2954 1129 3028 haud
1159 2956 1229 3029 esse
1260 2959 1313 3032 fa·
1399 2957 1401 3030 1

366 3065 545 3153 ciendam
572 3067 733 3162 siquidem
760 3064 896 3142 caeter
921 3073 1189 3166 inarticulode
1215 3099 1316 3171 conr-
1399 3091 1401 3116 “

366 3190 495 3262 mettio
520 3189 653 3262 interno
688 3187 764 3260 satis
796 3189 906 3262 essent
933 3189 1099 3267 definitae

219 3306 672 3406 12.J2n.-Dielequente
701 3307 835 3382 articuli
863 3307 974 3382 denuo
1005 3316 1185 3407 perpensa,
1229 3317 1315 3394 Zee-

214 3455 216 3471 =
364 3423 472 3499 landis
503 3427 733 3523 nequidquam
768 3425 1039 3520 obtestantibus,
1066 3432 1143 3526 se
1133 3440 1199 3526 tis,
1232 3461 1316 3533 quae
1400 3487 1401 3500 ι

367 3534 423 3610 die
446 3547 666 3635 praecedente
694 3569 713 3618 a
719 3545 898 3642 pluribus
926 3570 1040 3624 essent
1063 3553 1206 3648 statuta,
1240 3561 1318 3634 uul-
1396 3619 1400 3630 .

364 3656 433 3729 lant
462 3659 587 3738 decreti
614 3668 684 3738 vim
708 3665 797 3738 velle
828 3667 995 3758 tribuere,
1021 3671 1147 3770 reliqui
1170 3699 1319 3769 pactum
1399 3653 1401 3708 ³

364 3775 461 3873 quod
476 3775 715 3859 adornaverant
732 3785 869 3884 Regum
886 3794 1073 3870 amicorum
1089 3795 1207 3888 legatis
1226 3795 1321 3870 offe·
1400 3803 1401 3878 ζ
