2818 5220
285 389 431 486 mis
482 395 827 488 ursuoarcu.
864 357 866 364 '
974 421 1045 507 239

88 613 221 686 ¹nitent·
234 609 364 706 jucun.
387 611 582 701 quaepiam
615 607 658 680 ad
682 605 761 680 satie
786 603 947 680 stabilem
962 627 1048 680 con·

88 727 228 800 ‘sensum
255 725 443 824 panderent
470 711 691 800 brevisiirnam
717 719 862 820 (247).
907 717 1047 819 Josepni

96 841 292 942 responsum
322 850 385 932 iia,
411 865 497 940 quae
513 845 736 948 ‘Vergennius
758 843 803 917 de
823 841 973 919 schediu
989 847 1049 919 irbi

96 963 263 1060 alegatia
289 962 403 1037 oblati
431 962 541 1060 Regia
567 965 617 1038 sui
638 967 780 1038 nomine
797 962 841 1037 ad
861 963 1050 1060 imperato
1075 987 1077 990 ·

80 1075 179 1154 rem
194 1085 392 1178 scripserat,
417 1083 530 1154 meuse
558 1069 677 1156 Martii
700 1091 785 1156 cum'
806 1085 931 1156 nostrie·
955 1104 1052 1156 com-

85 1195 308 1278 ·nuanica'tum
349 1201 419 1277 -iuit
463 1201 679 1290 oratoribust
727 1221 841 1298 eoque
887 1201 1054 1298 responsu

98 1316 480 1415 comprehendebantur
498 1321 682 1414 praecipue
704 1317 899 1414 sequentia:
923 1349 926 1357 ¹

100 1496 102 1502 .
147 1437 177 1512 1.
202 1437 482 1532 promittebatur,
506 1437 602 1510 viror
629 1457 650 1508 e
678 1436 844 1534 supremo
864 1435 1054 1534 Reipubli-

92 1579 160 1634 cae
181 1558 310 1634 Senatu
330 1556 573 1636 vindobonam
598 1557 805 1656 delegandos
827 1558 901 1632 illic
929 1565 975 1634 ita
999 1579 1053 1632 re-

93 1697 239 1773 ceptum
270 1695 306 1777 et
329 1671 476 1754 cum'iia
503 1678 549 1750 iic
577 1697 693 1752 actum
721 1681 782 1767 iri,
806 1701 846 1774 ut
870 1672 965 1754 nulla
981 1701 1054 1755 am·
1120 1705 1123 1712 ·

35 1855 38 1864 ,
90 1799 191 1894 plius
207 1791 308 1892 justia
328 1794 479 1890 querelis
497 1796 596 1866 causa
619 1793 845 1888 praeberetur.
1065 1865 1066 1868 a

142 1919 194 1994 ii.
219 1916 413 2010 Negotium
438 1911 480 1984 de
508 1910 713 2005 syntagmate
730 1911 975 1989 ‚instauraretur
999 1937 1053 1990 at·

95 2059 168 2136 que
191 2036 235 2108 ud
261 2033 362 2104 finem
385 2027 651 2122 perduceretur,
675 2029 811 2120 auspice
832 2051 869 2102 et
886 2025 1052 2107 concilia·

95 2176 175 2230 tore
199 2153 300 2250 Rege
323 2148 631 2236 Christianisimo,
656 2169 761 2241 quare
787 2149 929 2226 Comite
953 2155 1051 2228 Mer·

94 2295 170 2366 cyo
209 2273 253 2368 ad
292 2269 380 2345 illud
423 2268 599 2364 negotium
635 2266 771 2362 plenam
814 2271 1050 2346 auctoritatem

91 2395 166 2490 jana
193 2389 330 2465 dederat
353 2389 556 2483 Imperator.
590 2379 611 2469 ,’
800 2404 804 2410 ’

83 2553 86 2563 ,
143 2502 719 2603 111‚Utaugutticunciliutorie
757 2505 922 2584 deridetiu
956 2510 1052 2586 satie·
1204 2479 1207 2488 Ι

94 2629 193 2704 ficret
213 2625 336 2702 Caesar
353 2628 562 2702 concederet
588 2625 763 2714 inducias,
788 2647 901 2724 usque
922 2629 965 2702 ad
981 2633 1052 2724 pri·

85 2771 192 2824 mum
212 2748 301 2820 diem
319 2747 433 2846 Majn
459 2745 669 2820 fiOrdinum
693 2745 797 2842 legati
818 2747 896 2821 satis
912 2752 1050 2846 possent

92 2865 267 2964 spondere
295 2889 362 2962 pro
395 2863 692 2960 accipientiam,
724 2885 810 2960 quae
838 2869 940 2955 esua
970 2868 1075 2960 lide·¹

88 2990 210 3089 jestate
229 3003 514 3082 proponerentur.
582 3011 585 3031 ·
1034 3001 1037 3006 ·

143 3108 216 3180 We
230 3106 270 3180 st
288 3104 440 3179 Ordines
465 3103 561 3199 pacis
579 3099 805 3176 conditiones
827 3123 1047 3200 aapemaren·
1083 3118 1101 3156 ⁶
1139 3096 1171 3107 ’”

1 3253 2 3257 ¹
88 3243 172 3313 tur,
196 3241 254 3298 aut
279 3225 459 3322 negotium
483 3217 654 3296 eludendo
680 3220 871 3307 traherent,
894 3219 1047 3318 Impera·

627 3363 630 3371 ¹
992 3359 1048 3415 tor

134 3547 259 3634 (247)
288 3529 728 3626 viuuoer.1trs01.1785;
761 3537 849 3628 Jan.
876 3559 930 3626 a4.
950 3539 1046 3626 ilias.
1194 3528 1197 3534 ’
1281 3595 1284 3603 .

93 3673 162 3727 van
187 3652 229 3722 de
253 3648 437 3732 Ambassad.
476 3650 576 3734 1785,
603 3646 693 3732 Jan.
721 3665 776 3733 po.
798 3663 831 3716 et
857 3647 943 3718 hisce
966 3650 1048 3718 litte·
1270 3656 1273 3664 ’

90 3765 136 3836 ria
170 3759 309 3830 additum
356 3759 567 3842 apographum
607 3753 816 3842 epistolaea
853 3739 958 3858 iugatis
996 3759 1046 3829 die

86 3869 223 3962 ianuarii
245 3887 300 3956 a9.
328 3865 367 3938 ad
395 3865 600 3952 vergentium
636 3865 737 3940 datae·
889 3856 891 3862 ’
