2818 5220
413 388 770 506 aurern
951 403 1055 528 'aaa
1102 396 1109 412 “

98 609 372 714 amisorum
386 627 515 702 murt
529 615 824 720 ermenoara
848 611 951 702 nuit
971 626 1051 700 tau

25 768 28 778 ‘
99 745 270 846 ‘imon
304 759 326 816 e
355 741 696 840 ωτι-Μοιρὼ
722 731 983 823 remitendum
1005 743 1051 818 ir·
1194 790 1197 798 .

101 869 228 955 aibat,
264 866 422 962 midique
443 866 496 972 ub
527 866 593 942 itti
618 867 707 942 aare
728 869 763 942 in
795 883 885 944 mare
914 867 1053 966 petebat

97 988 180 1062 iter.
231 985 287 1060 Ad
316 985 504 1062 Castellum
537 977 713 1060 urtone
726 996 879 1064 ³·ttiereet
899 1001 930 1063 e
952 987 1051 1062 uaria

100 1107 191 1194 bua,
216 1105 341 1203 quibua
373 1107 460 1181 illuc
489 1103 765 1197 advehebantur,
799 1111 835 1182 in
857 1107 939 1182 alita
959 1121 1054 1178 erant
1144 1137 1146 1142 ·

103 1225 373 1314 transferendae,
404 1223 600 1320 ibidemque
616 1223 797 1326 vectigalia
814 1249 883 1323 pru
905 1224 1056 1302 tuteldet
1147 1279 1150 1288 «

104 1344 204 1419 venii
228 1341 453 1442 (Convoyen
478 1368 521 1420 en
549 1345 740 1440 Lietuteu)
773 1348 1004 1443 exigebantur.

114 1525 117 1530 ,
154 1461 342 1561 Navigatin
367 1466 403 1536 iu
429 1463 559 1540 Rheno
585 1465 676 1542 haud
698 1466 773 1540 aliia
796 1467 960 1562 premitur
975 1482 1058 1538 vec·

106 1582 292 1680 tigulibus,
329 1605 430 1676 quum
460 1586 586 1681 quibua
622 1591 750 1684 pariter
786 1585 937 1661 obnoxia
962 1587 1057 1658 uati·

50 1765 54 1770 .
80 1749 84 1756 ·
107 1704 206 1800 gatiu
231 1704 266 1774 iu
293 1701 408 1778 Scaldi
434 1725 470 1780 et
494 1705 600 1797 alibi;
630 1729 719 1802 quae
745 1706 871 1780 tribute
899 1706 943 1779 de
967 1724 1057 1778 mer·

109 1825 233 1912 cibus,
269 1826 305 1897 in
328 1843 468 1920 regnum
500 1829 663 1916 invecu'a‚
696 1848 755 1901 aut
779 1827 874 1902 illinc
897 1838 1057 1918 exporu-

110 1947 178 2031 tit,
205 1944 359 2038 quamvis
385 1945 420 2014 io
447 1943 568 2016 serint
591 1949 793 2040 exiguntor,
818 1967 920 2019 nemo
946 1959 1055 2013 tamen

93 2061 211 2166 ¹frcile
233 2061 378 2148 dixerit,
402 2061 497 2135 hune
524 2061 666 2136 fluvium
694 2080 804 2158 utque
831 2059 982 2134 occludi.
1061 2083 1064 2090 ⁴

506 2335 655 2416 xvu.

157 2658 338 2757 Belgarum
377 2678 412 2732 et
452 2677 657 2732 caeterarum
699 2651 742 2726 ad
777 2651 937 2732 Rhenum
972 2679 1055 2757 gen·

110 2783 195 2854 tium
224 2777 395 2852 Rectoret
424 2776 492 2850 sese
534 2779 681 2847 invicem
717 2775 964 2852 obstrinxerunt
975 2828 993 2866 ,,
1013 2777 1056 2850 ad

113 2897 239 2970 tribute
262 2915 350 2992 quae
377 2895 583 2992 navigationi
606 2891 789 2966 Rhenanae
816 2895 1055 2990 imponentur,

110 3013 246 3109 aequali
283 3031 320 3130 et
359 3034 455 3086 certo
492 3011 607 3083 modo
631 3029 671 3080 ac
701 3013 831 3086 ratione
868 3013 1055 3116 exigenddr

109 3153 213 3228 quam
242 3135 371 3206 iurem
401 3130 605 3227 propensum
637 3128 672 3202 se
696 3133 843 3202 ostendit
872 3131 1054 3228 Belgarum

107 3248 212 3337 Rex;
243 3249 289 3324 fin
319 3271 404 3324 vero
431 3249 554 3342 aliquis
582 3233 758 3333 docuerit,
792 3247 883 3346 Regi
911 3269 1052 3341 nostro,

108 3389 153 3442 ne
177 3372 213 3442 in
235 3371 393 3463 portibus
413 3368 550 3466 quidem
583 3367 663 3458 ipiia
692 3368 867 3440 maritimis
893 3371 955 3444 ubi
982 3391 1052 3444 tna·

109 3499 155 3564 ria
173 3489 287 3562 nicini
317 3488 502 3562 dominium
522 3507 626 3581 penes
661 3507 739 3560 eum
770 3481 880 3562 solum
910 3509 987 3579 est,
1011 3492 1054 3566 de
1182 3542 1185 3550 ·

106 3609 278 3683 mercibus
310 3604 439 3679 Rheno
472 3603 622 3678 seeundo
652 3600 793 3676 directis
823 3626 880 3681 aut
913 3607 1053 3686 adverso

107 3725 263 3804 flumine,
285 3719 435 3796 advectis
470 3719 643 3818 victigalia
686 3742 726 3792 ea
764 3726 898 3822 exigere
924 3725 1055 3821 licere,

106 3863 199 3942 quae
223 3843 296 3920 illic
331 3841 373 3914 de
406 3841 565 3918 omuibus
603 3839 679 3916 aliia
714 3843 882 3920 mercibus
916 3845 1054 3921 solvun-
1206 3892 1208 3906 .

972 3983 1050 4056 tur;
1270 4029 1274 4036 .
